 @misc{statIoT,
  author = {Knud Lasse Lueth},
  title = {{State of the IoT 2018: Number of IoT devices now at 7B – Market accelerating}},
  howpublished = "\url{https://iot-analytics.com/state-of-the-iot-update-q1-q2-2018-number-of-iot-devices-now-7b/}",
  year = {2018}, 
}

@misc{fuzzyPairing,
  author = {Dominik Schürmann},
  title = {fuzzy-pairing},
  year = {2012},
  publisher = {GitHub},
  journal = {GitHub repository},
  howpublished = {\url{https://github.com/dschuermann/fuzzy-pairing}}
}

@article{Dolev1981OriginalProtocols, title = {{(Original, Bad Copy) On the Security of Public Key Protocols}}, year = {1981}, author = {Dolev, D and Yao, A C}, number = {May}, pages = {198--208} }

 @article{Shrouf2014SmartParadigm, title = {{Smart factories in Industry 4.0: A review of the concept and of energy management approached in production based on the Internet of Things paradigm}}, year = {2014}, journal = {IEEE International Conference on Industrial Engineering and Engineering Management}, author = {Shrouf, F. and Ordieres, J. and Miragliotta, G.}, pages = {697--701}, volume = {2015-Janua}, publisher = {IEEE}, isbn = {9781479964109}, doi = {10.1109/IEEM.2014.7058728}, issn = {2157362X}, keywords = {Internet of Things, energy management, smart factory} }
 
 @article{CiscoInternetBusinessSolutionsGroupIBSG2011TheEverything, title = {{The Internet of Things - How the Next Evolution of the Internet is Changing Everything}}, year = {2011}, journal = {CISCO white paper}, author = {{Cisco Internet Business Solutions Group (IBSG)}}, number = {April}, pages = {1--11}, url = {http://scholar.google.com/scholar?hl=en&btnG=Search&q=intitle:The+Internet+of+Things+-+How+the+Next+Evolution+of+the+Internet+is+Changing+Everything#0}, isbn = {9783540787303}, doi = {10.1109/IEEESTD.2007.373646}, issn = {09598138}, pmid = {9329309}, arxivId = {arXiv:1011.1669v3} }
 
 @article{Young2010MaliciousAspects, title = {{Malicious Cryptography: Kleptographic Aspects}}, year = {2010}, author = {Young, Adam and Yung, Moti}, number = {October}, pages = {7--18}, isbn = {9783540305743}, doi = {10.1007/978-3-540-30574-3{\_}2} }
 
 @article{DorothyE.DenningandMilesSmid1994KeyMagazine, title = {{Key escrowing today - IEEE Communications Magazine}}, year = {1994}, author = {{Dorothy E. Denning and Miles Smid}}, number = {September}, pages = {58--68} }
 
 @article{Gebremichael2019LightweightPad, title = {{Lightweight IoT Group Key Establishment Scheme From the One Time Pad}}, year = {2019}, journal = {2019 7th IEEE International Conference on Mobile Cloud Computing, Services, and Engineering (MobileCloud)}, author = {Gebremichael, Teklay and Jennehag, Ulf and Gidlund, Mikael}, pages = {101--106}, publisher = {IEEE}, doi = {10.1109/mobilecloud.2019.00021} }
 
@article{TheWi-fiAlliance2003Wi-FiNetworks.,
    title = {{Wi-Fi Protected Access:Strong,Standard-based,interoperble security for today´s Wi-Fi networks.}}, 
    year = {2003},
    author = {{The Wi-fi Alliance}}, 
    pages = {1--7}
}

@article{Iera2015,
    title = {{A Axiom - DTLS-based secure IoT group communication}},
    year = {2015},
    author = {Iera, A and Fitton, D and Thubert, P and Brandt, A and Kelsey, R and Levis, P and Pister, K and Struik, R and Hartke, K},
    pages = {1--25},
    volume = {V}
}

@article{Ingemarsson1982,
    title = {{A Conference Key Distribution System}},
    year = {1982},
    journal = {IEEE Transactions on Information Theory},
    author = {Ingemarsson, Ingemar and Tang, Donald T. and Wong, C. K.},
    doi = {10.1109/TIT.1982.1056542},
    issn = {15579654}
}

@inproceedings{Wu2007,
    title = {{A fast and efficient source authentication solution for broadcasting in wireless sensor networks}},
    year = {2007},
    booktitle = {New Technologies, Mobility and Security},
    author = {Wu, Taojun and Cui, Yi and Kusy, Brano and Ledeczi, Akos and Sallai, Janos and Skirvin, Nathan and Werner, Jan and Xue, Yuan},
    isbn = {9781402062698},
    doi = {10.1007/978-1-4020-6270-4-5}
}

@article{Yu2012,
    title = {{A group key distribution scheme for wireless sensor networks in the internet of things scenario}},
    year = {2012},
    journal = {International Journal of Distributed Sensor Networks},
    author = {Yu, Hong and He, Jingsha and Zhang, Ting and Xiao, Peng},
    isbn = {15501329},
    doi = {10.1155/2012/813594},
    issn = {15501329}
}

@article{Author2018,
    title = {{A lightweight IoT group Key Establishment Scheme From the One-time Pad}},
    year = {2018},
    author = {Author, Anonymous},
    number = {October},
    isbn = {1234567245},
    keywords = {group key, internet of things, lightweight cryptography, uncon-}
}

@article{Yao2013,
    title = {{A lightweight multicast authentication mechanism for small scale IoT applications}},
    year = {2013},
    journal = {IEEE Sensors Journal},
    author = {Yao, Xuanxia and Han, Xiaoguang and Du, Xiaojiang and Zhou, Xianwei},
    number = {10},
    pages = {3693--3701},
    volume = {13},
    doi = {10.1109/JSEN.2013.2266116},
    issn = {1530437X},
    keywords = {IoT, absorbency, multicast authentication, one-way accumulator, quasi-commutative}
}

@article{Veltri2013,
    title = {{A novel batch-based group key management protocol applied to the Internet of Things}},
    year = {2013},
    journal = {Ad Hoc Networks},
    author = {Veltri, Luca and Cirani, Simone and Busanelli, Stefano and Ferrari, Gianluigi},
    number = {8},
    pages = {2724--2737},
    volume = {11},
    publisher = {Elsevier B.V.},
    url = {http://dx.doi.org/10.1016/j.adhoc.2013.05.009},
    doi = {10.1016/j.adhoc.2013.05.009},
    issn = {1570-8705},
    keywords = {Data aggregation, Group key management, Internet of Things, Security and privacy}
}

@article{Mahmood2017,
    title = {{A polynomial subset-based efficient multi-party key management system for lightweight device networks}},
    year = {2017},
    journal = {Sensors (Switzerland)},
    author = {Mahmood, Zahid and Ning, Huansheng and Ghafoor, Ata Ullah},
    number = {4},
    volume = {17},
    doi = {10.3390/s17040670},
    issn = {14248220},
    keywords = {Hashing, Node storage, Path key, Polynomial, Proxy node, Symmetric}
}

@article{Page,
    title = {{A Secure and Efficient Conference Key Distribution System}},
    author = {Page, Cover and Burmester, Mike and Desmedt, Yvo},
    url = {https://pdfs.semanticscholar.org/c845/88d2aab33828bb1134800005eeca31d04eae.pdf}
}

@article{GayosoMartinez2010,
    title = {{A Survey of the Elliptic Curve Integrated Encryption Scheme}},
    year = {2010},
    journal = {JOURNAL OF COMPUTER SCIENCE AND ENGINEERING},
    author = {Gayoso Mart{\'{i}}nez, V and Encinas, L Hernández and {\'{A}}vila, C Sánchez},
    number = {2},
    volume = {2},
    keywords = {ECIES, Index Terms— Elliptic Curve Cryptography, encryption scheme —————————— ——————————}
}

@article{Syverson,
    title = {{A taxonomy of replay attacks [cryptographic protocols]}},
    journal = {Proceedings The Computer Security Foundations Workshop VII},
    author = {Syverson, P.},
    pages = {187--191},
    url = {http://ieeexplore.ieee.org/document/315935/},
    isbn = {0-8186-6230-1},
    doi = {10.1109/CSFW.1994.315935}
}

@misc{Chen2014,
    title = {{A vision of IoT: Applications, challenges, and opportunities with China Perspective}},
    year = {2014},
    booktitle = {IEEE Internet of Things Journal},
    author = {Chen, Shanzhi and Xu, Hui and Liu, Dake and Hu, Bo and Wang, Hucheng},
    number = {4},
    pages = {349--359},
    volume = {1},
    isbn = {2327-4662 VO - 1},
    doi = {10.1109/JIOT.2014.2337336},
    issn = {23274662},
    keywords = {Internet of Things (IoT), IoT application, IoT architecture, IoT challenge, IoT standardization}
}

@article{Haque2007,
    title = {{An Efficient PKC-Based Security Architecture for Wireless Sensor Networks}},
    year = {2007},
    author = {Haque, Mokammel and Member, Student and Pathan, Al-sakib Khan}
}

@article{Beitelspacher2005,
    title = {{Applying Reinforcement Learning to Obstacle Avoidance}},
    year = {2005},
    author = {Beitelspacher, Josh},
    url = {http://www.cs.ou.edu/~amy/courses/cs5973_fall2005/Beitelspacher_Final_Paper.pdf}
}

@article{Pote2015,
    title = {{Attacks on Elliptic Curve Cryptography Discrete Logarithm Problem (EC-DLP)}},
    year = {2015},
    journal = {Ijireeice},
    author = {Pote, Mrs.Santoshi and Katti, Mrs. Jayashree},
    number = {4},
    pages = {127--131},
    volume = {3},
    url = {http://ijireeice.com/upload/2015/april-15/IJIREEICE 28.pdf},
    doi = {10.17148/IJIREEICE.2015.3428},
    issn = {23212004},
    keywords = {discrete log, ecc, sage}
}

@article{Gura2004,
    title = {{Comparing elliptic curve cryptography and RSA on 8-bit CPUs}},
    year = {2004},
    journal = {Lecture notes in computer science},
    author = {Gura, Nils and Patel, Arun and Wander, Arvinderpal and Eberle, Hans and Shantz, Sheueling Chang},
    pages = {119--132},
    isbn = {3-540-22666-4},
    doi = {10.1007/978-3-540-28632-5{\_}9},
    issn = {0302-9743},
    keywords = {Acceso memoria, Acc{\`{e}}s m{\'{e}}moire, Alto rendimiento, Architecture ordinateur, Arquitectura ordenador, Boarded computer, Calculador embarque, Calculateur embarqu{\'{e}}, Cifrado RSA, Circuit design, Cl{\'{e}} publique, Computer architecture, Conception circuit, Courbe elliptique, Cryptage RSA, Cryptographie cl{\'{e}} publique, Curva eliptica, Dise{\~{n}}o circuito, Elliptic curve, Haute performance, High performance, Llave p{\'{u}}blica, Microcontrolador, Microcontroller, Micror{\'{e}}gisseur, Public key, Public key cryptography, RSA ciphering, Storage access}
}

@article{Osterlind2006,
    title = {{Cross-level sensor network simulation with COOJA}},
    year = {2006},
    journal = {Proceedings - Conference on Local Computer Networks, LCN},
    author = {{\"{O}}sterlind, Fredrik and Dunkels, Adam and Eriksson, Joakim and Finne, Niclas and Voigt, Thiemo},
    pages = {641--648},
    isbn = {1424404185},
    doi = {10.1109/LCN.2006.322172},
    issn = {0742-1303},
    pmid = {4116633}
}

@article{Steiner1996,
    title = {{Diffie-Hellman key distribution extended to group communication}},
    year = {1996},
    journal = {Proceedings of the ACM Conference on Computer and Communications Security},
    author = {Steiner, Michael and Tsudik, Gene and Waidner, Michael},
    pages = {31--37},
    isbn = {0897918290},
    doi = {10.1145/238168.238182}
}

@article{Karlof2004,
    title = {{Distillation codes and applications to DoS resistant multicast authentication}},
    year = {2004},
    journal = {Proceedings of Network and Distributed System Security Conference (NDSS)},
    author = {Karlof, C and Sastry, N and Li, Y and Perrig, A and Tygar, Jd},
    number = {February},
    pages = {37--56},
    isbn = {1-891562-17-7}
}

@unpublished{Rahman2015,
    title = {{DTLS-based Multicast Security in Constrained Environments}},
    year = {2015},
    author = {Rahman, Sye Loong Keoh and Sandeep Kumar and Oscar Garcia-Morchon and Esko Dijk and Akbar},
    pages = {1--22}
}

@article{Haripriya2017,
    title = {{ECC based self-certified key management scheme for mutual authentication in Internet of Things}},
    year = {2017},
    journal = {Proceedings of IEEE International Conference on Emerging Technological Trends in Computing, Communications and Electrical Engineering, ICETT 2016},
    author = {Haripriya, A. P. and Kulothungan, K.},
    pages = {3--8},
    isbn = {9781509037513},
    doi = {10.1109/ICETT.2016.7873657},
    keywords = {Internet of Things, public key cryptography, self-certified public key, session key, zero knowledge proof}
}

@article{Shruti2017,
    title = {{Elliptic Curve Cryptography Security in the Context of Internet of Things}},
    year = {2017},
    author = {Shruti, P and Chandraleka, R},
    number = {5},
    pages = {90--93},
    volume = {8},
    keywords = {IoT, Security, Access booting, Elliptic Curve Cryp, access booting, elliptic curve cryptography, iot, key, security}
}

@article{Porambage2015a,
    title = {{Group key establishment for enabling secure multicast communication in wireless sensor networks deployed for IoT applications}},
    year = {2015},
    journal = {IEEE Access},
    author = {Porambage, Pawani and Braeken, An and Schmitt, Corinna and Gurtov, Andrei and Ylianttila, Mika and Stiller, Burkhard},
    pages = {1503--1511},
    volume = {3},
    isbn = {9781467367707},
    doi = {10.1109/ACCESS.2015.2474705},
    issn = {21693536},
    keywords = {Internet of Things, Wireless Sensor Networks, group key establishment, multicast, security}
}

@article{Porambage2015,
    title = {{Group key establishment for enabling secure multicast communication in wireless sensor networks deployed for IoT applications}},
    year = {2015},
    journal = {IEEE Access},
    author = {Porambage, Pawani and Braeken, An and Schmitt, Corinna and Gurtov, Andrei and Ylianttila, Mika and Stiller, Burkhard},
    isbn = {9781467367707},
    doi = {10.1109/ACCESS.2015.2474705},
    issn = {21693536},
    keywords = {Internet of Things, Wireless Sensor Networks, group key establishment, multicast, security}
}

@article{Kumar2007,
    title = {{Implementing secure group communications using key graphs}},
    year = {2007},
    journal = {Defence Science Journal},
    author = {Kumar, Ch Aswani and Lakshmi, R. Sri and Preethi, M.},
    number = {2},
    pages = {279--286},
    volume = {57},
    isbn = {1-58113-003-1},
    doi = {10.14429/dsj.57.1755},
    issn = {0011748X},
    keywords = {Data encryption, Group communication, Key graphs, Scalability of secure group communication}
}

@article{Simplicio2017,
    title = {{Lightweight and escrow-less authenticated key agreement for the internet of things}},
    year = {2017},
    journal = {Computer Communications},
    author = {Simplicio, Marcos A. and Silva, Marcos V.M. and Alves, Renan C.A. and Shibata, Tiago K.C.},
    isbn = {01403664 (ISSN)},
    doi = {10.1016/j.comcom.2016.05.002},
    issn = {01403664},
    pmid = {26642266},
    arxivId = {arXiv:1011.1669v3},
    keywords = {Authenticated key agreement, Internet of things, Security, Sensor networks}
}

@article{Ferrari2018,
    title = {{Lightweight group-key establishment protocol for IoT devices: Implementation and performance analyses}},
    year = {2018},
    journal = {2018 5th International Conference on Internet of Things: Systems, Management and Security, IoTSMS 2018},
    author = {Ferrari, Nico and Gebremichael, Teklay and Jennehag, Ulf and Gidlund, Mikael},
    pages = {31--37},
    isbn = {9781538695852},
    doi = {10.1109/IoTSMS.2018.8554829},
    keywords = {Contiki, Cryptographic key establishment, ECC, Group communication security, IoT security, Lightweight cryptography, one-way accumulators}
}

@article{Gebremichael2018,
    title = {{Lightweight IoT Group Key Establishment Scheme Using One-way Accumulator}},
    year = {2018},
    journal = {IEEE The International Symposium on Networks, Compunters and Communications (ISNCC'18)},
    author = {Gebremichael, Teklay and Jennehag, Ulf and Gidlund, Mikael},
    isbn = {9781538635315}
}

@article{Jawhar2017,
    title = {{Linear wireless sensor networks: Classification and applications}},
    year = {2017},
    journal = {Journal of Network and Computer Applications},
    author = {Jawhar, Imad and Mohamed, Nader and Agrawal, Dharma P.},
    number = {5},
    pages = {1671--1682},
    volume = {34},
    publisher = {Elsevier},
    url = {http://dx.doi.org/10.1016/j.jnca.2011.05.006},
    isbn = {1084-8045},
    doi = {10.1016/j.jnca.2011.05.006},
    issn = {10848045},
    keywords = {Ad hoc and sensor networks, Applications of linear sensor networks, Networking frameworks, Routing}
}

@inproceedings{DiPietro2003,
    title = {{LKHW: A directed diffusion-based secure multicast scheme for wireless sensor networks}},
    year = {2003},
    booktitle = {Proceedings of the International Conference on Parallel Processing Workshops},
    author = {Di Pietro, R. and Mancini, L. V. and Law, Yee Wei and Etalle, S. and Havinga, P.},
    isbn = {0769520189},
    doi = {10.1109/ICPPW.2003.1240395},
    issn = {15302016},
    keywords = {Computer viruses, Costs, Floods, Image sensors, Multicast protocols, Remuneration, Robustness, Routing protocols, Testing, Wireless sensor networks}
}

@article{Szczechowiak,
    title = {{NanoECC: Testing the Limits of Elliptic Curve Cryptography in Sensor Networks}},
    author = {Szczechowiak, Piotr and Oliveira, Leonardo B and Scott, Michael and Collier, Martin and Dahab, Ricardo},
    keywords = {Elliptic Curve Cryptography, Wireless Sensor Networks, cryptographic primitives, implementation, pairings}
}

@article{Yu2013,
    title = {{On the security of data collection and transmission from wireless sensor networks in the context of Internet of Things}},
    year = {2013},
    journal = {International Journal of Distributed Sensor Networks},
    author = {Yu, Hong and He, Jingsha and Liu, Ruohong and Ji, Dajie},
    doi = {10.1155/2013/806505},
    issn = {15501329}
}

@inproceedings{10.1007/3-540-48285-7_24,
    title = {{One-Way Accumulators: A Decentralized Alternative to Digital Signatures}},
    year = {1994},
    booktitle = {Advances in Cryptology --- EUROCRYPT '93},
    author = {Benaloh, Josh and de Mare, Michael},
    editor = {Helleseth, Tor},
    pages = {274--285},
    publisher = {Springer Berlin Heidelberg},
    address = {Berlin, Heidelberg},
    isbn = {978-3-540-48285-7}
}

@article{Porambage2014,
    title = {{PAuthKey: A Pervasive Authentication Protocol and Key Establishment Scheme for Wireless Sensor Networks in Distributed IoT Applications}},
    year = {2014},
    journal = {International Journal of Distributed Sensor Networks},
    author = {Porambage, Pawani and Schmitt, Corinna and Kumar, Pardeep and Gurtov, Andrei and Ylianttila, Mika},
    volume = {2014},
    isbn = {978-1-4799-3083-8},
    doi = {10.1155/2014/357430},
    issn = {15501477}
}

@article{Kumar2014,
    title = {{Performances of Cryptographic Accumulators To cite this version : Performances of Cryptographic Accumulators}},
    year = {2014},
    journal = {39th Annual IEEE Conference on Local Computer Networks},
    author = {Kumar, Amrit and Lafourcade, Pascal},
    pages = {366--369},
    isbn = {9781479937806}
}

@article{Liu2012,
    title = {{PKC based broadcast authentication using signature amortization for WSNs}},
    year = {2012},
    journal = {IEEE Transactions on Wireless Communications},
    author = {Liu, Yongsheng and Li, Jie and Guizani, Mohsen},
    number = {6},
    pages = {2106--2115},
    volume = {11},
    isbn = {1536-1276},
    doi = {10.1109/TWC.2012.032812.110433},
    issn = {15361276},
    keywords = {Broadcast authentication, signature amortization, wireless sensor networks}
}

@article{Liu,
    title = {{Practical Broadcast Authentication in Sensor Networks *}},
    author = {Liu, Donggang and Ning, Peng and Zhu, Sencun and Jajodia, Sushil}
}

@article{Margelis2016,
    title = {{Practical Limits of the Secret Key-Capacity for IoT Physical Layer Security}},
    year = {2016},
    journal = {Communications (ICC) 2017 IEEE International Conference on},
    author = {Margelis, George and Fafoutis, Xenofon and Oikonomou, George and Piechocki, Robert J and Tryfonas, Theo and Thomas, Paul},
    pages = {311--316}
}

@article{Bresson2007,
    title = {{Provably secure authenticated group Diffie-Hellman key exchange}},
    year = {2007},
    journal = {ACM Transactions on Information and System Security},
    author = {Bresson, Emmanuel and Chevassut, Olivier and Pointcheval, David},
    isbn = {1581133855},
    doi = {10.1145/1266977.1266979},
    issn = {10949224}
}

@article{Bohli2007,
    title = {{Secure group key establishment revisited}},
    year = {2007},
    journal = {Int. J. Inf. Secur},
    author = {Bohli, Jens-Matthias and Isabel Gonz{\'{a}}lez Vasco, María and Steinwandt, Rainer and Bohli, J-m and Gonz{\'{a}}lez Vasco, M I and Steinwandt, R},
    pages = {243--254},
    volume = {6},
    doi = {10.1007/s10207-007-0018-x},
    keywords = {Group key establishment {\textperiodcentered}, Malicious insiders, Provable security {\textperiodcentered}}
}

@article{Challa2017,
    title = {{Secure Signature-Based Authenticated Key Establishment Scheme for Future IoT Applications}},
    year = {2017},
    journal = {IEEE Access},
    author = {Challa, Sravani and Wazid, Mohammad and Das, Ashok Kumar and Kumar, Neeraj and Goutham Reddy, Alavalapati and Yoon, Eun Jun and Yoo, Kee Young},
    isbn = {2169-3536},
    doi = {10.1109/ACCESS.2017.2676119},
    issn = {21693536},
    keywords = {AVISPA, Burrows-Abadi-Needham (BAN) logic, Internet of things (IoT), NS2 simulation, authentication, key establishment, security}
}

@article{Zhou2018,
    title = {{Security and Privacy for the Industrial Internet of Things: An Overview of Approaches to Safeguarding Endpoints}},
    year = {2018},
    journal = {IEEE Signal Processing Magazine},
    author = {Zhou, L and Yeh, K and Hancke, G and Liu, Z and Su, C},
    number = {5},
    pages = {76--87},
    volume = {35},
    publisher = {IEEE},
    doi = {10.1109/MSP.2018.2846297},
    issn = {1053-5888},
    keywords = {Signal processing algorithms;Ciphers;Data privacy;}
}

@article{Heer2011,
    title = {{Security challenges in the IP-based Internet of Things}},
    year = {2011},
    journal = {Wireless Personal Communications},
    author = {Heer, Tobias and Garcia-Morchon, Oscar and Hummen, René and Keoh, Sye Loong and Kumar, Sandeep S. and Wehrle, Klaus},
    number = {3},
    pages = {527--542},
    volume = {61},
    isbn = {0929-6212},
    doi = {10.1007/s11277-011-0385-5},
    issn = {09296212},
    keywords = {IETF, Internet of Things, Security}
}

@article{Choi2014,
    title = {{Security Enhanced User Authentication Protocol for Wireless Sensor Networks Using Elliptic Curves Cryptography}},
    year = {2014},
    journal = {Sensors},
    author = {Choi, Younsung and Lee, Donghoon and Kim, Jiye and Jung, Jaewook and Nam, Junghyun and Won, Dongho},
    number = {6},
    pages = {10081--10106},
    volume = {14},
    url = {http://www.mdpi.com/1424-8220/14/6/10081/},
    isbn = {1424-8220},
    doi = {10.3390/s140610081},
    issn = {1424-8220},
    keywords = {authentication protocol, elliptic curves cryptography, wireless sensor network}
}

@article{Verma2009,
    title = {{SeGCom: Secure group communication in VANETs}},
    year = {2009},
    journal = {2009 6th IEEE Consumer Communications and Networking Conference, CCNC 2009},
    author = {Verma, Mayank and Huang, Dijiang},
    number = {Mvd},
    pages = {1--5},
    isbn = {9781424423095},
    doi = {10.1109/CCNC.2009.4784943},
    keywords = {SeGCom: Secure Group Communication in VANETs}
}

@article{Perrig2002,
    title = {{SPINS: Security Protocols for Sensor Networks SPINS : Security Protocols for Sensor Networks}},
    year = {2002},
    journal = {Wireless Networks},
    author = {Perrig, Adrian and Szewczyk, Rob and Wen, Victor and Culler, David and Tygar, J D and Perrig, Adrian and Szewczyk, Robert},
    number = {September},
    pages = {521--534},
    volume = {8},
    isbn = {1581134223},
    doi = {10.1023/A:1016598314198},
    issn = {10220038},
    keywords = {authentication of wireless communica-, cryptography, manet, mobile ad hoc networks, secrecy and confidentiality, secure communication protocols, sensor networks, tion}
}

@article{Research2000,
    title = {{STANDARDS FOR EFFICIENT CRYPTOGRAPHY SEC 1: Elliptic Curve Cryptography}},
    year = {2000},
    author = {Research, Certicom}
}

@article{Syversona,
    title = {{Taxonomy of Replay Attacks}},
    author = {Syverson, Paul}
}

@article{Liu2008,
    title = {{TinyECC: A Configurable Library for Elliptic Curve Cryptography in Wireless Sensor Networks ∗}},
    year = {2008},
    author = {Liu, An},
    isbn = {9780769531571},
    doi = {10.1109/IPSN.2008.47}
}

@article{Watro,
    title = {{TinyPK: Securing Sensor Networks with Public Key Technology}},
    author = {Watro, Ronald and Kong, Derrick and Cuti, Sue-Fen and Gardiner, Charles and Lynn, Charles and Kruus, Peter},
    keywords = {Algorithms, Cryptography, Diffie-Hellman, Encryption, Key Management, Performance Keywords Authentication, Public Key (PK), Rivest Shamir Adelman (RSA), TinyOS, sensor networks}
}

@article{Miller1986,
    title = {{Uses of elliptic curves in cryptography}},
    year = {1986},
    journal = {Advances in Cryptology — CRYPTO ’85},
    author = {Miller, Victor S.},
    number = {January 1985},
    pages = {417--426}
}

@article{Computing2018ASimilarity,
    title = {{A Convolutional Approach To Learning Time Series Similarity}},
    year = {2018},
    journal = {ICLR (reject)},
    author = {Computing, Bstract and Measuring, Ntroduction and Song, Oh},
    pages = {1--11}
}

@article{Sicari2007ANetworks,
    title = {{A Dynamic Data Aggregation Scheme for Wireless Sensor Networks}},
    year = {2007},
    journal = {Journal of Systems and Software},
    author = {Sicari, Sabrina and Grieco, Luigi Alfredo and Boggia, Gennaro and Coen-Porisini, Alberto},
    number = {1},
    pages = {346--350},
    volume = {85},
    url = {http://linkinghub.elsevier.com/retrieve/pii/S0164121211002068},
    doi = {10.1016/j.jss.2011.07.043},
    issn = {01641212},
    keywords = {a, aggregation, anonymity, boggia, congestion control, email addresses, end-to-end data, g, gennaro boggia, grieco, it, luigi alfredo grieco, poliba, privacy, sabrina, sabrina sicari, sicari, uninsubria, wireless sensor networks}
}

@inproceedings{Juels2004AScheme,
    title = {{A fuzzy commitment scheme}},
    year = {2004},
    author = {Juels, Ari and Wattenberg, Martin},
    month = {2},
    pages = {28--36},
    publisher = {Association for Computing Machinery (ACM)},
    doi = {10.1145/319709.319714}
}

@article{Dang2018AGuarantee,
    title = {{A Hybrid Template Protection Approach using Secure Sketch and ANN for Strong Biometric Key Generation with Revocability Guarantee}},
    year = {2018},
    author = {Dang, Tran Khanh and Huynh, Van Quoc Phuong and Truong, Hai},
    number = {March},
    keywords = {2015, accepted october 7, ann, biometric cryptography, biometric template protection, received july 8, remaining entropy, secure sketch}
}

@inproceedings{Bin-Rabiah2018AIoT,
    title = {{A Lightweight Authentication and Key Exchange Protocol for IoT}},
    year = {2018},
    author = {Bin-Rabiah, Abdulrahman and Ramakrishnan, K. K. and Liri, Elizabeth and Kar, Koushik},
    month = {8},
    publisher = {Internet Society},
    doi = {10.14722/diss.2018.23004}
}

@article{Chuang2018AThings,
    title = {{A lightweight continuous authentication protocol for the Internet of Things}},
    year = {2018},
    journal = {Sensors (Switzerland)},
    author = {Chuang, Yo Hsuan and Lo, Nai Wei and Yang, Cheng Ying and Tang, Ssu Wei},
    number = {4},
    pages = {1--26},
    volume = {18},
    isbn = {9781479947805},
    doi = {10.3390/s18041104},
    issn = {14248220},
    keywords = {Continuous authentication, Device-to-device authentication, Dynamic device feature, Internet of Things, Token technique}
}

@article{AiACommitment,
    title = {{A New Biometric Template Protection using Random Orthonormal Projection and Fuzzy Commitment}},
    author = {Ai, Thi and Nguyen, Thao and Dang, Tran Khanh and Nguyen, Dinh Thanh},
    pages = {1--11},
    keywords = {biometric template protection, discriminability, fuzzy commitment, matric, orthonormal}
}

@article{Klaoudatou2011AWSNs,
    title = {{A survey on cluster-based group key agreement protocols for WSNs}},
    year = {2011},
    journal = {IEEE Communications Surveys and Tutorials},
    author = {Klaoudatou, Eleni and Konstantinou, Elisavet and Kambourakis, Georgios and Gritzalis, Stefanos},
    number = {3},
    pages = {429--442},
    volume = {13},
    doi = {10.1109/SURV.2011.061710.00109},
    issn = {1553877X},
    keywords = {Clustering, Cryptography, Group Key Agreement Protocols, Wireless Sensor Networks}
}

@article{Buldas2004AccountableAttestations,
    title = {{Accountable certificate management using undeniable attestations}},
    year = {2004},
    author = {Buldas, Ahto and Laud, Peeter and Lipmaa, Helger},
    pages = {9--17},
    isbn = {1581132034},
    doi = {10.1145/352600.352604},
    keywords = {accountable certificate management, at-, authenticated search trees, long-term authenticity, non-repudiation, public-key infra-, search trees, structure, testers, time-stamping}
}

@book{AlexVarshavskyAdinScannellAnthonyLaMarca2007Amigo:Devices,
    title = {{Amigo: Proximity-Based Authentication of Mobile Devices}},
    year = {2007},
    booktitle = {UbiComp 2007: Ubiquitous Computing},
    author = {Alex Varshavsky, Adin Scannell, Anthony LaMarca, Eyal de Lara}
}

@article{KandiAnThings,
    title = {{An Efficient Multi-Group Key Management Protocol for Internet of Things}},
    journal = {2018 26th International Conference on Software, Telecommunications and Computer Networks (SoftCOM)},
    author = {Kandi, Mohamed Ali and Lakhlef, Hicham and Bouabdallah, Abdelmadjid and Challal, Yacine},
    pages = {1--6},
    publisher = {University of Split, FESB}
}

@inproceedings{Khemissa2017AnThings,
    title = {{An ultra-lightweight authentication scheme for heterogeneous wireless sensor networks in the context of internet of things}},
    year = {2017},
    booktitle = {Lecture Notes in Computer Science (including subseries Lecture Notes in Artificial Intelligence and Lecture Notes in Bioinformatics)},
    author = {Khemissa, Hamza and Tandjaoui, Djamel and Bouzefrane, Samia},
    isbn = {9783319678061},
    doi = {10.1007/978-3-319-67807-8{\_}4},
    issn = {16113349},
    pmid = {17681812},
    keywords = {Authentication, Identity, Internet of things, Session key agreement, Wireless sensor networks}
}

@techreport{Mnih2016AsynchronousLearning,
    title = {{Asynchronous Methods for Deep Reinforcement Learning}},
    year = {2016},
    author = {Mnih, Volodymyr and Puigdom{\`{e}}nech Badia, Adrià and Mirza, Mehdi and Graves, Alex and Harley, Tim and Lillicrap, Timothy P and Silver, David and Kavukcuoglu, Koray},
    isbn = {1602.01783v2},
    arxivId = {1602.01783v2}
}

@article{Barry2015BriefInternet,
    title = {{Brief History of the Internet}},
    year = {2015},
    author = {Barry, Leiner and Cerf, Vinton and David, Clark and Robert, Kahn and Leonard, Kleinrock and Daniel, Lynch and Postel, Jon and Larry, Roberts and Stephen, Wolff},
    pages = {1--17},
    issn = {0027-5107}
}

@article{Bhuiyan2016CollusionSystems,
    title = {{Collusion Attack Detection in Networked Systems}},
    year = {2016},
    journal = {Proceedings - 2016 IEEE 14th International Conference on Dependable, Autonomic and Secure Computing, DASC 2016, 2016 IEEE 14th International Conference on Pervasive Intelligence and Computing, PICom 2016, 2016 IEEE 2nd International Conference on Big Data},
    author = {Bhuiyan, Md Zakirul Alam and Wu, Jie},
    pages = {286--293},
    isbn = {9781509040650},
    doi = {10.1109/DASC-PICom-DataCom-CyberSciTec.2016.67},
    keywords = {Security, collusion attack, correlation, networked systems, wireless networks, wireless sensor networks}
}

@article{LiuCompact-LWEScheme,
    title = {{Compact-LWE : a Public Key Encryption Scheme}},
    author = {Liu, Dongxi and Li, Nan and Kim, Jongkil},
    pages = {1--12},
    keywords = {NIST, post-quantum cryptography, pqc, standardization}
}

@article{Liu2017Compact-LWE:Authentication,
    title = {{Compact-{\{}LWE{\}}: Enabling Practically Lightweight Public Key Encryption for Leveled {\{}IoT{\}} Device Authentication}},
    year = {2017},
    author = {Liu, Dongxi and Li, Nan and Kim, Jongkil and Nepal, Surya}
}

@book{Hutchison2012ComputerSecurity,
    title = {{Computer security-- ESORICS 2012 [Electronic book] : 17th European Symposium on Research in Computer Security}},
    year = {2012},
    booktitle = {Imp004},
    author = {Hutchison, David and Mitchell, John C},
    isbn = {9783642215148},
    doi = {10.1007/3-540-68339-9{\_}34},
    issn = {0302-9743},
    pmid = {4520227},
    arxivId = {9780201398298}
}

@article{Jewell2015ConnectingInterfaces,
    title = {{Connecting the Things to the Internet : An Evaluation of Four Configuration Strategies for Wi-Fi Devices with Minimal User Interfaces}},
    year = {2015},
    journal = {Proceedings of the 2015 ACM International Joint Conference on Pervasive and Ubiquitous Computing - UbiComp '15},
    author = {Jewell, Michael O and Costanza, Enrico and Kittley-davies, Jacob},
    pages = {767--778},
    isbn = {9781450335744},
    doi = {10.1145/2750858.2807535}
}

@phdthesis{Miettinen2019ContextApplications,
    title = {{Context and communication profiling for IoT security and privacy: techniques and applications}},
    year = {2019},
    author = {Miettinen, Markus},
    number = {3},
    pages = {210},
    volume = {15},
    url = {http://tubiblio.ulb.tu-darmstadt.de/111448/}
}

@article{Habib2015Context-AwareThings,
    title = {{Context-Aware Authentication for the Internet of Things}},
    year = {2015},
    journal = {The Eleventh International Conference on Autonomic and Autonomous Systems fined},
    author = {Habib, Kashif and Leister, Wolfgang},
    number = {c},
    pages = {134--139},
    isbn = {9781612084053},
    keywords = {-context, 1, access control, authentication, context-awareness, internet of things, lems, making, mental information for decision, security, the ubiquitous applications can, this means that, utilise the environ-}
}

@article{Sigg2011Context-basedStudy,
    title = {{Context-based security: State of the art, open research topics and a case study}},
    year = {2011},
    journal = {Proceedings of the 5th ACM International Workshop on {\ldots}},
    author = {Sigg, S},
    pages = {17--23},
    url = {http://dl.acm.org/citation.cfm?doid=2036146.2036150%5Cnpapers3://publication/doi/10.1145/2036146.2036150},
    isbn = {9781450308779},
    keywords = {audio fingerprinting, context-, unobtrusive cryptography}
}

@article{Nguyen2014Context-BasedDevices,
    title = {{Context-Based Zero-Interaction Pairing and Key Evolution for Advanced Personal Devices}},
    year = {2014},
    author = {Nguyen, Thien Duc and Asokan, N. and Sadeghi, Ahmad-Reza and Miettinen, Markus and Sobhani, Majid},
    pages = {880--891},
    isbn = {9781450329576},
    doi = {10.1145/2660267.2660334},
    issn = {15437221},
    keywords = {all or part of, classroom use is granted, context-based pairing, contextual security, copies are not made, or, or distributed, or hard copies of, permission to make digital, this work for personal, without fee provided that, zero-interaction}
}

@article{Miettinen2014Context-BasedDescriptors,
    title = {{Context-Based Zero-Interaction Pairing and Key Evolution for Advanced Personal Devices Categories and Subject Descriptors}},
    year = {2014},
    journal = {Ccs},
    author = {Miettinen, Markus},
    pages = {880--891},
    isbn = {9781450329576},
    doi = {10.1145/2660267.2660334},
    keywords = {all or part of, classroom use is granted, context-based pairing, contextual security, copies are not made, or, or distributed, or hard copies of, permission to make digital, this work for personal, without fee provided that, zero-interaction}
}

@article{Gama2018ConvolutionalGraphs,
    title = {{Convolutional Neural Networks Architectures for Signals Supported on Graphs}},
    year = {2018},
    author = {Gama, Fernando and Marques, Antonio G. and Leus, Geert and Ribeiro, Alejandro},
    doi = {arXiv:1805.00165v2},
    issn = {1053-587X},
    arxivId = {1805.00165}
}

@article{Han2017ConvoyAdmission,
    title = {{Convoy : Physical Context Verification for Vehicle Platoon Admission}},
    year = {2017},
    journal = {Proceedings of the 18th International Workshop on Mobile Computing Systems and Applications},
    author = {Han, Jun and Harishankar, Madhumitha and Wang, Xiao and Chung, Albert Jin and Tague, Patrick},
    pages = {73--78},
    isbn = {9781450349079},
    keywords = {authentication, context verification, vehicle platoons}
}

@article{Xu2016DeviceOpportunities,
    title = {{Device fingerprinting in wireless networks: Challenges and opportunities}},
    year = {2016},
    journal = {IEEE Communications Surveys and Tutorials},
    author = {Xu, Qiang and Zheng, Rong and Saad, Walid and Han, Zhu},
    number = {1},
    pages = {94--104},
    volume = {18},
    doi = {10.1109/COMST.2015.2476338},
    issn = {1553877X},
    arxivId = {1501.01367},
    keywords = {Device Fingerprint, Supervised Learning, Unsupervised Learning, Wireless Security}
}

@article{Han2018DoTypes,
    title = {{Do You Feel What i Hear? Enabling Autonomous IoT Device Pairing Using Different Sensor Types}},
    year = {2018},
    journal = {Proceedings - IEEE Symposium on Security and Privacy},
    author = {Han, Jun and Chung, Albert Jin and Sinha, Manal Kumar and Harishankar, Madhumitha and Pan, Shijia and Noh, Hae Young and Zhang, Pei and Tague, Patrick},
    pages = {836--852},
    volume = {2018-May},
    publisher = {IEEE},
    isbn = {9781538643525},
    doi = {10.1109/SP.2018.00041},
    issn = {10816011},
    keywords = {IoT security, context based pairing, secure pairing, security of sensing systems}
}

@article{ShresthaBabinsandSaxena2014DroneMulti-sensing,
    title = {{Drone to the Rescue: Relay-Resilient Authentication using Ambient Multi-sensing}},
    year = {2014},
    journal = {Financial Cryptography and Data Security},
    author = {Shrestha Babins{\\\}and Saxena, Nitesh
        and Truong Hien Thi Thu
        and Asokan N},
    pages = {349--364},
    isbn = {978-3-662-45472-5},
    keywords = {environmental sensors, proximity detection, relay attacks}
}

@article{EldefrawyDynamicTimestamping,
    title = {{Dynamic User Authentication Protocol for Industrial IoT without Timestamping}},
    author = {Eldefrawy, Mohamed H and Ferrari, Nico and Gidlund, Mikael},
    isbn = {9781728112688}
}

@article{Kawamoto2017EffectivelyThings,
    title = {{Effectively collecting data for the location-based authentication in internet of things}},
    year = {2017},
    journal = {IEEE Systems Journal},
    author = {Kawamoto, Yuichi and Nishiyama, Hiroki and Kato, Nei and Shimizu, Yoshitaka and Takahara, Atsushi and Jiang, Tingting},
    number = {3},
    pages = {1403--1411},
    volume = {11},
    isbn = {1932-8184 VO  - PP},
    doi = {10.1109/JSYST.2015.2456878},
    issn = {19379234},
    pmid = {2002410330},
    keywords = {Ambient information, Carrier Sense Multiple Access/Collision Avoidance, Internet of things (IoT), authentication, data collection}
}

@article{Castelluccia2009EfficientNetworks,
    title = {{Efficient and provably secure aggregation of encrypted data in wireless sensor networks}},
    year = {2009},
    journal = {ACM Transactions on Sensor Networks},
    author = {Castelluccia, Claude and Chan, Aldar C-F. and Mykletun, Einar and Tsudik, Gene},
    isbn = {0-7695-2375-7},
    doi = {10.1145/1525856.1525858},
    issn = {15504859}
}

@article{Gu2018EfficientPUF,
    title = {{Efficient and Secure Group Key Management in IoT using Multistage Interconnected PUF}},
    year = {2018},
    journal = {Proceedings of the International Symposium on Low Power Electronics and Design  - ISLPED '18},
    author = {Gu, Hongxiang and Potkonjak, Miodrag},
    pages = {1--6},
    url = {http://dl.acm.org/citation.cfm?doid=3218603.3218646},
    isbn = {9781450357043},
    doi = {10.1145/3218603.3218646},
    issn = {15334678},
    arxivId = {1808.00664}
}

@article{Rizki2016EfficientThings,
    title = {{Efficient Group Key Management for Internet of Things}},
    year = {2016},
    author = {Rizki, Kiki}
}

@book{Washington2008EllipticApplications,
    title = {{Elliptic Curves: Number Theory and Cryptography, Second Edition (Discrete Mathematics and Its Applications)}},
    year = {2008},
    author = {Washington, Lawrence C},
    pages = {524},
    isbn = {9781420071467}
}

@article{2005EnergyNetworks,
    title = {{Energy analysis of public-key cryptography for wireless sensor networks}},
    year = {2005},
    number = {PerCom},
    pages = {1--5},
    isbn = {0769522998}
}

@inproceedings{Zenger2015ExploitingThings,
    title = {{Exploiting the Physical Environment for Securing the Internet of Things}},
    year = {2015},
    booktitle = {Proceedings of the New Security Paradigms Workshop on ZZZ - NSPW '15},
    author = {Zenger, Christian T. and Zimmer, Jan and Pietersz, Mario and Posielek, Jan-Felix and Paar, Christof},
    isbn = {9781450337540},
    doi = {10.1145/2841113.2841117}
}

@article{Rubinstein1993FiftyControls,
    title = {{Fifty Percent Energy Savings with Automatic Lighting Controls}},
    year = {1993},
    journal = {IEEE Transactions on Industry Applications},
    author = {Rubinstein, Francis and Siminovitch, Michael and Verderber, Rudolph},
    number = {4},
    pages = {0--5},
    volume = {29}
}

@inproceedings{Strobel2013FumingSystem,
    title = {{Fuming acid and cryptanalysis: Handy tools for overcoming a digital locking and access control system}},
    year = {2013},
    booktitle = {Lecture Notes in Computer Science (including subseries Lecture Notes in Artificial Intelligence and Lecture Notes in Bioinformatics)},
    author = {Strobel, Daehyun and Driessen, Benedikt and Kasper, Timo and Leander, Gregor and Oswald, David and Schellenberg, Falk and Paar, Christof},
    isbn = {9783642400407},
    doi = {10.1007/978-3-642-40041-4{\_}9},
    issn = {03029743},
    keywords = {Access control, cryptanalysis, electronic lock, hardware attack, real-world attack, reverse-engineering, wireless door openers}
}

@book{Maurya2017FuzzyThings,
    title = {{Fuzzy extractor and elliptic curve based efficient user authentication protocol for wireless sensor networks and internet of things}},
    year = {2017},
    booktitle = {Information (Switzerland)},
    author = {Maurya, Anup Kumar and Sastry, V. N.},
    number = {4},
    pages = {1--39},
    volume = {8},
    isbn = {9189856643},
    doi = {10.3390/info8040136},
    issn = {20782489},
    keywords = {Fuzzy extractor, Hash function, Internet of Things (IoT), Session key, Smart card, User authentication, Wireless Sensor Networks(WSNs)}
}

@article{Uludag2010FuzzyFingerprints,
    title = {{Fuzzy Vault for Fingerprints}},
    year = {2010},
    author = {Uludag, Umut and Pankanti, Sharath and Jain, Anil K.},
    pages = {310--319},
    doi = {10.1007/11527923{\_}32}
}

@article{Jasek2016GattackingDevices,
    title = {{Gattacking bluetooth smart devices}},
    year = {2016},
    journal = {SecuRing},
    author = {Jasek, Sławomir},
    url = {http://gattack.io/whitepaper.pdf}
}

@article{Bronstein2017GeometricData,
    title = {{Geometric Deep Learning: Going beyond Euclidean data}},
    year = {2017},
    journal = {IEEE Signal Processing Magazine},
    author = {Bronstein, Michael M. and Bruna, Joan and Lecun, Yann and Szlam, Arthur and Vandergheynst, Pierre},
    number = {4},
    pages = {18--42},
    volume = {34},
    publisher = {IEEE},
    isbn = {9781450345385},
    doi = {10.1109/MSP.2017.2693418},
    issn = {10535888},
    pmid = {21092268},
    arxivId = {1611.08097}
}

@inproceedings{Tiloca2016GREP:History,
    title = {{GREP: A group REkeying protocol based on member join history}},
    year = {2016},
    booktitle = {Proceedings - IEEE Symposium on Computers and Communications},
    author = {Tiloca, Marco and Dini, Gianluca},
    isbn = {9781509006793},
    doi = {10.1109/ISCC.2016.7543761},
    issn = {15301346}
}

@article{Li2014GroupSurvey,
    title = {{Group rekeying in wireless sensor networks: A survey}},
    year = {2014},
    journal = {International Journal of Network Security},
    author = {Li, Wei Teng and Ling, Chung Huei and Hwang, Min Shiang},
    issn = {18163548},
    keywords = {Group rekeying, Security, Wireless sensor network}
}

@inproceedings{Engel2010IncrementalModels,
    title = {{Incremental learning of multivariate Gaussian mixture models}},
    year = {2010},
    booktitle = {Lecture Notes in Computer Science (including subseries Lecture Notes in Artificial Intelligence and Lecture Notes in Bioinformatics)},
    author = {Engel, Paulo Martins and Heinen, Milton Roberto},
    isbn = {3642161375},
    doi = {10.1007/978-3-642-16138-4{\_}9},
    issn = {03029743},
    pmid = {22745693},
    keywords = {Bayesian Methods, Clustering, Expectation-Maximization Algorithm, Finite Mixtures, Incremental Learning, Unsupervised Learning}
}

@article{Xu2014InternetSurvey,
    title = {{Internet of things in industries: A survey}},
    year = {2014},
    journal = {IEEE Transactions on Industrial Informatics},
    author = {Xu, Li Da and He, Wu and Li, Shancang},
    number = {4},
    pages = {2233--2243},
    volume = {10},
    doi = {10.1109/TII.2014.2300753},
    issn = {15513203},
    keywords = {Big data analytics, Wireless sensor networks (WSNs), enterprise systems, industrial informatics, information and communications technology (ICT), internet of things (IoT), near field communications, radio-frequency identification (RFID)}
}

@article{He2013JournalSurvey,
    title = {{Journal of Network and Computer Applications Dynamic key management in wireless sensor networks : A survey}},
    year = {2013},
    journal = {Journal of Network and Computer Applications},
    author = {He, Xiaobing and Niedermeier, Michael and Meer, Hermann De},
    number = {2},
    pages = {611--622},
    volume = {36},
    url = {http://dx.doi.org/10.1016/j.jnca.2012.12.010},
    doi = {10.1016/j.jnca.2012.12.010},
    issn = {1084-8045},
    keywords = {Dynamic key management, Key revocation, Rekeying, Security, Wireless sensor networks, dynamic key management, wireless sensor networks}
}

@article{Miettinen2018Keynote:IoT,
    title = {{Keynote: Internet of things or threats? On building trust in IoT}},
    year = {2018},
    journal = {2018 International Conference on Hardware/Software Codesign and System Synthesis, CODES+ISSS 2018},
    author = {Miettinen, Markus and Sadeghi, Ahmad Reza},
    pages = {1--9},
    publisher = {IEEE},
    isbn = {9781538655627},
    doi = {10.1109/CODESISSS.2018.8525931},
    keywords = {IoT privacy, IoT security, intrusion detection, smart home}
}

@techreport{Sagrebin2006LearningMeasures,
    title = {{Learning Time-Series Similarity with a Neural Network by Combining Similarity Measures}},
    year = {2006},
    author = {Sagrebin, Maria and Goerke, Nils},
    pages = {123--132},
    url = {http://www.uni-due.de/is},
    doi = {10.1007/11840930{\_}13}
}

@book{Porambage2018LightweightThings,
    title = {{Lightweight authentication and key management of wireless sensor networks for Internet of things}},
    year = {2018},
    author = {Porambage, Pawani},
    isbn = {9789526219943},
    keywords = {Internet of Things, authentication, group communic}
}

@article{Pitelis2013LocalProximity,
    title = {{Local clusters, trust, confidence and proximity}},
    year = {2013},
    journal = {Clusters and Globalisation},
    author = {Pitelis, Christos and Sugden, Roger and Wilson, James and Dupuy, Claude and Torre, André},
    pages = {175--195},
    doi = {10.4337/9781847200136.00016}
}

@article{Sigg2013MobileServices,
    title = {{Mobile and Ubiquitous Systems: Computing, Networking, and Services}},
    year = {2013},
    author = {Sigg, Stephan and Ji, Yusheng},
    number = {May 2018},
    volume = {120},
    url = {http://link.springer.com/10.1007/978-3-642-40238-8},
    isbn = {978-3-642-40237-1},
    doi = {10.1007/978-3-642-40238-8}
}

@book{Pei2012MODELSDATA,
    title = {{MODELS FOR SUPERVISED LEARNING ON SEQUENCE DATA}},
    year = {2012},
    author = {Pei, Wenjie},
    number = {6},
    pages = {1--16},
    volume = {VI},
    isbn = {0000000000000},
    keywords = {Business models}
}

@article{Tzanetakis2002MusicalSignals,
    title = {{Musical genre classification of audio signals}},
    year = {2002},
    journal = {IEEE Transactions on Speech and Audio Processing},
    author = {Tzanetakis, George and Cook, Perry},
    number = {5},
    pages = {293--302},
    volume = {10},
    publisher = {IEEE},
    doi = {10.1109/TSA.2002.800560},
    issn = {10636676},
    keywords = {Audio classification, Beat analysis, Feature extraction, Musical genre classification, Wavelets}
}

@article{Erickson2011OBSERVE:Energy,
    title = {{OBSERVE: Occupancy-based system for efficient reduction of HVAC energy}},
    year = {2011},
    journal = {Proceedings of the 10th ACM/IEEE International Conference on Information Processing in Sensor Networks},
    author = {Erickson, Varick L. and Carreira-Perpinan, Miguel a. and Cerpa, Alberto E.},
    pages = {258--269},
    isbn = {978-1-4503-0512-9},
    keywords = {Energy savings, HVAC, Occupancy, Ventilation}
}

@article{Dodis2002OnPad,
    title = {{On the (non)universality of the one-time pad}},
    year = {2002},
    journal = {The 43rd Annual IEEE Symposium on Foundations of Computer Science, 2002. Proceedings.},
    author = {Dodis, Y. and Spencer, J.},
    pages = {376--385},
    publisher = {IEEE},
    url = {http://ieeexplore.ieee.org/document/1181962/},
    isbn = {0-7695-1822-2},
    doi = {10.1109/SFCS.2002.1181962},
    issn = {02725428}
}

@inproceedings{Eisenbarth2008OnScheme,
    title = {{On the power of power analysis in the real world: A complete break of the KeeLoq code hopping scheme}},
    year = {2008},
    booktitle = {Lecture Notes in Computer Science (including subseries Lecture Notes in Artificial Intelligence and Lecture Notes in Bioinformatics)},
    author = {Eisenbarth, Thomas and Kasper, Timo and Moradi, Amir and Paar, Christof and Salmasizadeh, Mahmoud and Shalmani, Mohammad T.Manzuri},
    isbn = {3540851739},
    doi = {10.1007/978-3-540-85174-5{\_}12},
    issn = {03029743}
}

@article{Fomichev2019PerilsThings,
    title = {{Perils of Zero-Interaction Security in the Internet of Things}},
    year = {2019},
    author = {Fomichev, Mikhail and Maass, Max and Almon, Lars and Molina, Alejandro and Hollick, Matthias},
    number = {1},
    pages = {1--38},
    volume = {3},
    url = {http://arxiv.org/abs/1901.07255%0Ahttp://dx.doi.org/10.1145/3314397},
    doi = {10.1145/3314397},
    arxivId = {1901.07255},
    keywords = {Context-based Security, Secure Device Pairing, Aut}
}

@book{RotheProposingThings,
    title = {{Proposing Context-Aware Authentication for the Industrial Internet of Things}},
    author = {Rothe, Lukas and Loske, Moritz and Gertler, Dominik G},
    isbn = {9781538685099},
    keywords = {Context-Awareness, Index Terms-Authentication, Indus-trial IoT, Industry 40, M2M Communication, Smart City}
}

@article{Xiao2013Proximity-basedNetworks,
    title = {{Proximity-based security techniques for mobile users in wireless networks}},
    year = {2013},
    journal = {IEEE Transactions on Information Forensics and Security},
    author = {Xiao, Liang and Yan, Qiben and Lou, Wenjing and Chen, Guiquan and Hou, Y. Thomas},
    number = {12},
    pages = {2089--2100},
    volume = {8},
    publisher = {IEEE},
    isbn = {1556-6013 VO  - 8},
    doi = {10.1109/TIFS.2013.2286269},
    issn = {15566013},
    keywords = {Authentication, Encryption, Gaussian mixture model, Wireless networks}
}

@article{Mathur2008Radio-telepathy:Channel,
    title = {{Radio-telepathy: extracting a secret key from an unauthenticated wireless channel}},
    year = {2008},
    journal = {ACM MobiCom},
    author = {Mathur, Suhas and Trappe, Wade and Mandayam, Narayan and Ye, Chunxuan and Reznik, Alex},
    pages = {128--139},
    url = {http://portal.acm.org/citation.cfm?id=1409960&amp;dl=},
    isbn = {978-1-60558-342-6},
    doi = {10.1145/1409944.1409960},
    issn = {0097-5397}
}

@article{Miettinen2018RevisitingIoT,
    title = {{Revisiting Context-Based Authentication in IoT}},
    year = {2018},
    author = {Miettinen, Markus and Nguyen, Thien Duc and Sadeghi, Ahmad-Reza and Asokan, N.},
    number = {June},
    pages = {1--6},
    doi = {10.1109/dac.2018.8465788}
}

@phdthesis{GelerRoleAnalysis,
    title = {{Role of Similarity Measures in Time Series Analysis}},
    booktitle = {IEEE Transactions on Mobile Computing},
    author = {Geler, Zoltan},
    number = {2},
    volume = {12}
}

@inproceedings{Dini2006S2RP:Networks,
    title = {{S2RP: A secure and scalable rekeying protocol for wireless sensor networks}},
    year = {2006},
    booktitle = {2006 IEEE International Conference on Mobile Ad Hoc and Sensor Systems, MASS},
    author = {Dini, Gianluca and Savino, Ida Maria},
    isbn = {1424405076},
    doi = {10.1109/MOBHOC.2006.278586}
}

@article{Raza2016S3K:Things,
    title = {{S3K: Scalable Security With Symmetric Keys—DTLS Key Establishment for the Internet of Things}},
    year = {2016},
    journal = {IEEE Transactions on Automation Science and Engineering},
    author = {Raza, S and Seitz, L and Sitenkov, D and Selander, G},
    number = {3},
    pages = {1270--1280},
    volume = {13},
    doi = {10.1109/TASE.2015.2511301},
    issn = {1545-5955},
    keywords = {6LoWPAN, Constrained application protocol (CoAP), DTLS key establishment, DTLS protocol, Internet of Things, Internet of things, Protocols, Public key, S3K, Servers, Standards, X.509 certificates, communication security, cryptographic protocols, datagram transport layer security, datagram transport layer security (DTLS), de facto standard, keys, preshared keys, public key cryptography, public key infrastructure, raw public keys, scalability, scalable security with symmetric keys, security, small IoT devices, telecommunication security}
}

@article{Liu2016ScalableDevices,
    title = {{Scalable Group Audio-Based Authentication Scheme for IoT Devices}},
    year = {2016},
    journal = {2016 12th International Conference on Computational Intelligence and Security (CIS)},
    author = {Liu, Zhonglei Gu and Yang},
    pages = {277--281},
    url = {http://ieeexplore.ieee.org/document/7820461/},
    isbn = {978-1-5090-4840-3},
    doi = {10.1109/CIS.2016.0070},
    keywords = {-iot, audio, authentication, key distribution}
}

@article{Schurmann2013SecureAudio,
    title = {{Secure communication based on ambient audio}},
    year = {2013},
    journal = {IEEE Transactions on Mobile Computing},
    author = {Sch{\"{u}}rmann, Dominik and Sigg, Stephan},
    number = {2},
    pages = {358--370},
    volume = {12},
    doi = {10.1109/TMC.2011.271},
    issn = {15361233},
    keywords = {Pervasive computing, and processing, data encryption, location-dependent and sensitive, random number generation, signal analysis, signal processing, synthesis}
}

@article{Zhang2008SecureApproach,
    title = {{Secure data aggregation in wireless sensor networks: A watermark based authentication supportive approach}},
    year = {2008},
    journal = {Pervasive and Mobile Computing},
    author = {Zhang, Wei and Liu, Yonghe and Das, Sajal K. and De, Pradip},
    number = {5},
    pages = {658--680},
    volume = {4},
    isbn = {1424409926},
    doi = {10.1016/j.pmcj.2008.05.005},
    issn = {15741192},
    keywords = {Authentication, Data aggregation, Watermarking, Wireless sensor networks}
}

@book{TziporaHaleviDiMaNiteshSaxena2012SecureData,
    title = {{Secure Proximity Detection for NFC Devices based on Ambient Sensor Data}},
    year = {2012},
    booktitle = {European Symposium on Research in Computer Security},
    author = {Tzipora Halevi, Di Ma, Nitesh Saxena, and Tuo Xiang}
}

@article{WindRiver2015SecurityInternet,
    title = {{Security int the Internet of Things - Lessons from the past for the future Internet}},
    year = {2015},
    journal = {Wind River White Paper},
    author = {{Wind River}},
    pages = {6},
    isbn = {978-963-9799-38-7},
    doi = {10.4108/ICST.ITREVOLUTIONS2008.5243},
    issn = {10152881},
    pmid = {7045820},
    keywords = {3G Wireless, Next Generation Internet, TDM Internet, network technology}
}

@book{Skoric2010SecurityData,
    title = {{Security with noisy data}},
    year = {2010},
    booktitle = {Lecture Notes in Computer Science (including subseries Lecture Notes in Artificial Intelligence and Lecture Notes in Bioinformatics)},
    author = {{\v{S}}kori{\'{c}}, Boris},
    pages = {48--50},
    volume = {6387 LNCS},
    isbn = {364216434X},
    doi = {10.1007/978-3-642-16435-4{\_}4},
    issn = {03029743}
}

@article{Bagaa2009SEDANNetworks,
    title = {{SEDAN : Secure and Efficient Data Aggregation protocol for wireless sensor Networks To cite this version : HAL Id : hal-00390501 SEDAN : Secure and Efficient protocol for Data Aggregation in wireless sensor Networks}},
    year = {2009},
    author = {Bagaa, Miloud and Laslaa, Noureddine and Ouadjaout, Abdelraouf and Challal, Yacine and Bagaa, Miloud and Laslaa, Noureddine and Ouadjaout, Abdelraouf and Challal, Yacine and Secure, Sedan and Bagaa, Miloud and Lasla, Noureddine and Ouadjaout, Abdelraouf and Challal, Yacine}
}

@article{Liu2007SIMILARITYTRANSFORM,
    title = {{SIMILARITY ANALYSIS OF TIME SERIES GENE EXPRESSION USING DUAL-TREE WAVELET TRANSFORM}},
    year = {2007},
    author = {Liu, Li-yu},
    pages = {413--416},
    isbn = {1424407281}
}

@article{NationalIntelligenceCouncil1385Six2025,
    title = {{Six Technologies with Potential Impacts on US Interests out to 2025}},
    year = {1385},
    author = {{National Intelligence Council}},
    pages = {1--48},
    volume = {91}
}

@article{Dunkels2007Software-basedNodes,
    title = {{Software-based On-line Energy Estimation for Sensor Nodes}},
    year = {2007},
    author = {Dunkels, Adam and Osterlind, Fredrik and Tsiftes, Nicolas and He, Zhitao},
    pages = {1--5},
    isbn = {9781595936943},
    keywords = {Consumo energ{\'{e}}tico}
}

@article{Karapanos2015Sound-ProofThe,
    title = {{Sound-Proof : Usable Two-Factor Authentication Based on Ambient Sound This paper is included in the Proceedings of the}},
    year = {2015},
    journal = {Usenix Security},
    author = {Karapanos, Nikolaos and Marforio, Claudio and Soriente, Claudio and {\v{C}}apkun, Srdjan and Z{\"{u}}rich, E T H and Karapanos, Nikolaos and Marforio, Claudio and Soriente, Claudio and Capkun, Srdjan},
    isbn = {9781931971232},
    doi = {10.1016/0140-6736(93)92811-7},
    issn = {01406736},
    pmid = {8101899},
    arxivId = {1503.03790}
}

@article{Choi2018Sound-Proximity:System,
    title = {{Sound-Proximity: 2-Factor Authentication against Relay Attack on Passive Keyless Entry and Start System}},
    year = {2018},
    journal = {Journal of Advanced Transportation},
    author = {Choi, Wonsuk and Seo, Minhye and Lee, Dong Hoon},
    doi = {10.1155/2018/1935974},
    issn = {0197-6729}
}

@article{Gao2014StrengtheningDetection,
    title = {{Strengthening Zero-Interaction Authentication Using Contextual Co-presence Detection}},
    year = {2014},
    journal = {Se-Sy.Org},
    author = {Gao, X},
    pages = {82},
    url = {http://se-sy.org/projects/coco/thesis_report_gao.pdf}
}

@article{Qureshi2018SurveyThings,
    title = {{Survey of proximity based authentication mechanisms for the industrial internet of things}},
    year = {2018},
    journal = {Proceedings: IECON 2018 - 44th Annual Conference of the IEEE Industrial Electronics Society},
    author = {Qureshi, Umair Mujtaba and Hancke, Gerhard Petrus and Gebremichael, Teklay and Jennehag, Ulf and Forsstr{\"{o}}m, Stefan and Gidlund, Mikael},
    pages = {5246--5251},
    isbn = {9781509066841},
    doi = {10.1109/IECON.2018.8591118},
    keywords = {Authentication, Industrial internet of things, Proximity, Survey}
}

@article{Bennett2014TerminologyNetworks,
    title = {{Terminology for Constrained-Node Networks}},
    year = {2014},
    journal = {British Journal of Psychiatry},
    author = {Bennett, Daniel M.},
    number = {01},
    pages = {76--77},
    volume = {205},
    isbn = {1-58113-022-8},
    doi = {10.1192/bjp.205.1.76a},
    issn = {0007-1250}
}

@article{Miller2000TheCryptography,
    title = {{The use of Elliptic Curves in Cryptography}},
    year = {2000},
    author = {Miller, Victor S},
    number = {January 1985},
    pages = {417--426}
}

@article{Schmitt2016TinyTO:Things,
    title = {{TinyTO: Two-way authentication for constrained devices in the Internet of Things}},
    year = {2016},
    journal = {Internet of Things: Principles and Paradigms},
    author = {Schmitt, C. and Noack, M. and Stiller, B.},
    pages = {239--258},
    isbn = {9780128093474},
    doi = {10.1016/B978-0-12-805395-9.00013-7},
    keywords = {Constrained devices, Elliptic Curve Cryptography (ECC), End-to-end-security, Internet of Things (IoT), Two-way authentication, Wireless Sensor Network (WSN)}
}

@article{Lee2009Tree-basedNetworks,
    title = {{Tree-based key predistribution for wireless sensor networks}},
    year = {2009},
    journal = {Wireless Networks},
    author = {Lee, Jooyoung and Kwon, Daesung},
    isbn = {1595931422},
    doi = {10.1007/s11276-008-0108-3},
    issn = {10220038},
    keywords = {Key predistribution, Tree structure, Wireless sensor network}
}

@techreport{2018Troika:Document,
    title = {{Troika: a ternary hash function Reference document}},
    year = {2018}
}

@article{Melo2018UsingProtocols,
    title = {{Using Physical Context-Based Authentication against External Attacks: Models and Protocols}},
    year = {2018},
    journal = {Security and Communication Networks},
    author = {Melo, Wilson S. and Machado, Raphael C. S. and Carmo, Luiz F. R. C.},
    pages = {1--14},
    volume = {2018},
    doi = {10.1155/2018/6590928},
    issn = {1939-0114}
}

@article{Akyildiz2002WirelessSurvey,
    title = {{Wireless Sensor Networks: A Survey}},
    year = {2002},
    journal = {Comm. ACM},
    author = {Akyildiz, I F and Su, W and Sankarasubramaniam, Y and Cayirci, E},
    number = {4},
    pages = {393--422},
    volume = {38},
    isbn = {1389-1286},
    doi = {https://doi.org/10.1016/S1389-1286(01)00302-4},
    issn = {1389-1286},
    pmid = {22163808},
    arxivId = {1004.3164},
    keywords = {Wireless Sensor Networks, Architecture of WSN, App}
}

