@inproceedings{wiss2017feasibility,
  title={Feasibility and performance evaluation of SCTP for the industrial internet of things},
  author={Wiss, Thomas and Forsstr{\"o}m, Stefan},
  booktitle={Industrial Electronics Society, IECON 2017-43rd Annual Conference of the IEEE},
  pages={6101--6106},
  year={2017},
  organization={IEEE}
}


